---
---
@inproceedings{test,
	address = {Geneva, Switzerland},
	title = {test},
	booktitle = {International {Conference} on {Cognitive} {Neuroscience}},
	publisher = {CCCM Cluster},
	author = {Brian MC Donald},
	year = {2021 }
}